@article{Murugesan_2007, title={Understanding web 2.0}, volume={9}, DOI={10.1109/mitp.2007.78}, number={4}, journal={IT Professional}, author={Murugesan, S.}, year={2007}, month={Aug}, pages={34–41}} 

@misc{citizenJournalism, title = {Mapping Digital Media: Citizen Journalism and the Internet}, url={https://www.opensocietyfoundations.org/publications/mapping-digital-media-citizen-journalism-and-internet}, author = {Jurrat, N.},journal={Open Society Foundations}, year = {2011}, month = {july}}

@article{MuhammedT_Mathew_2022, title={The disaster of misinformation: A Review of Research in social media}, volume={13}, DOI={10.1007/s41060-022-00311-6}, number={4}, journal={International Journal of Data Science and Analytics}, author={Muhammed T, Sadiq and Mathew, Saji K.}, year={2022}, pages={271–285}} 

@misc{Henley_2023, title={85\% of people worry about online disinformation, global survey finds}, url={https://www.theguardian.com/technology/2023/nov/07/85-of-people-worry-about-online-disinformation-global-survey-finds}, journal={The Guardian}, publisher={Guardian News and Media}, author={Henley, J.}, year={2023}, month={Nov}}

@misc{UNReport, author= {Guterres, A.}, title = {Countering Disinformation for the Promotion and Protection of Human Rights and Fundamental Freedoms}, year = {2022}, month = {Aug}, day = {12}, url= {https://documents-ddsny.un.org/doc/UNDOC/GEN/N22/459/24/PDF/N2245924.pdf?OpenElement}}

@article{zakariah2018,
  title={Digital multimedia audio forensics: past, present and future},
  author={Zakariah, Mohammed and Khan, Muhammad Khurram and Malik, Hafiz},
  journal={Multimedia tools and applications},
  volume={77},
  pages={1009--1040},
  year={2018},
  publisher={Springer}
}

@article{FERREIRA2020106685,
title = {A review of digital image forensics},
journal = {Computers & Electrical Engineering},
volume = {85},
pages = {106685},
year = {2020},
issn = {0045-7906},
doi = {https://doi.org/10.1016/j.compeleceng.2020.106685},
url = {https://www.sciencedirect.com/science/article/pii/S0045790620305401},
author = {William D. Ferreira and Cristiane B.R. Ferreira and Gelson {da Cruz Júnior} and Fabrizzio Soares},
}

@article{Basavaraj2022,
author = {Basavaraj, Chaitra and Reddy, P.},
year = {2022},
month = {12},
pages = {},
title = {Digital image forgery: taxonomy, techniques, and tools–a comprehensive study},
volume = {14},
journal = {International Journal of System Assurance Engineering and Management},
doi = {10.1007/s13198-022-01829-5}
}

@InProceedings{MeenaTyagi2021,
author="Meena, Kunj Bihari
and Tyagi, Vipin",
editor="Singh, Mayank
and Tyagi, Vipin
and Gupta, P. K.
and Flusser, Jan
and {\"O}ren, Tuncer
and Sonawane, V. R.",
title="Image Splicing Forgery Detection Techniques: A Review",
booktitle="Advances in Computing and Data Sciences",
year="2021",
publisher="Springer International Publishing",
address="Cham",
pages="364--388",
isbn="978-3-030-88244-0"
}

@Inbook{Lian2010,
author="Lian, Shiguo
and Zhang, Yan",
editor="Stavroulakis, Peter
and Stamp, Mark",
title="Multimedia Forensics for Detecting Forgeries",
bookTitle="Handbook of Information and Communication Security",
year="2010",
publisher="Springer Berlin Heidelberg",
address="Berlin, Heidelberg",
pages="809--828",
isbn="978-3-642-04117-4",
doi="10.1007/978-3-642-04117-4_37",
url="https://doi.org/10.1007/978-3-642-04117-4_37"
}

@inbook{MeenaTyagi2019,
author = {Meena, Kunj Bihari and Tyagi, Vipin},
year = {2019},
month = {04},
pages = {163-194},
title = {Image Forgery Detection: Survey and Future Directions},
isbn = {978-981-13-6351-1},
doi = {10.1007/978-981-13-6351-1_14}
}

@INPROCEEDINGS{Khazaal2022,
  author={Khazaal, Mohammed S. and Kherallah, Monji and Charfi, Faiza},
  booktitle={2022 International Arab Conference on Information Technology (ACIT)}, 
  title={An Overview on Detecting Digital Image Splicing}, 
  year={2022},
  volume={},
  number={},
  pages={1-4},
  doi={10.1109/ACIT57182.2022.9994194}}

@article{Ma_Jiang_Fan_Jiang_Yan_2020, title={Image matching from handcrafted to deep features: A survey}, volume={129}, DOI={10.1007/s11263-020-01359-2}, number={1}, journal={International Journal of Computer Vision}, author={Ma, Jiayi and Jiang, Xingyu and Fan, Aoxiang and Jiang, Junjun and Yan, Junchi}, year={2020}, pages={23–79}} 

@article{verma2013comparative,
  title={A comparative study of various types of image noise and efficient noise removal techniques},
  author={Verma, Rohit and Ali, Jahid},
  journal={International Journal of advanced research in computer science and software engineering},
  volume={3},
  number={10},
  year={2013}
}

@article{meena2023image,
  title={Image splicing forgery detection using noise level estimation},
  author={Meena, Kunj Bihari and Tyagi, Vipin},
  journal={Multimedia Tools and Applications},
  pages={1--18},
  year={2023},
  publisher={Springer}
}

@article{itier2021color,
  title={Color noise correlation-based splicing detection for image forensics},
  author={Itier, Vincent and Strauss, Olivier and Morel, Laurent and Puech, William},
  journal={Multimedia Tools and Applications},
  volume={80},
  pages={13215--13233},
  year={2021},
  publisher={Springer}
}

@inproceedings{zhan2015passive,
  title={Passive forensics for image splicing based on PCA noise estimation},
  author={Zhan, Lifei and Zhu, Yuesheng},
  booktitle={2015 10th International Conference for Internet Technology and Secured Transactions (ICITST)},
  pages={78--83},
  year={2015},
  organization={IEEE}
}

@inproceedings{mahawatta2018image,
  title={Image splice detection through noise pattern analysis},
  author={Mahawatta, DMA and Ranathunga, L},
  booktitle={2018 4th International Conference for Convergence in Technology (I2CT)},
  pages={1--6},
  year={2018},
  organization={IEEE}
}

@article{haralick1973textural,
  title={Textural features for image classification},
  author={Haralick, Robert M and Shanmugam, Karthikeyan and Dinstein, Its' Hak},
  journal={IEEE Transactions on systems, man, and cybernetics},
  number={6},
  pages={610--621},
  year={1973},
  publisher={Ieee}
}
@article{asghar2019edge,
  title={Edge--texture feature-based image forgery detection with cross-dataset evaluation},
  author={Asghar, Khurshid and Sun, Xianfang and Rosin, Paul L and Saddique, Mubbashar and Hussain, Muhammad and Habib, Zulfiqar},
  journal={Machine Vision and Applications},
  volume={30},
  number={7-8},
  pages={1243--1262},
  year={2019},
  publisher={Springer}
}

@article{alahmadi2017passive,
  title={Passive detection of image forgery using DCT and local binary pattern},
  author={Alahmadi, Amani and Hussain, Muhammad and Aboalsamh, Hatim and Muhammad, Ghulam and Bebis, George and Mathkour, Hassan},
  journal={Signal, Image and Video Processing},
  volume={11},
  pages={81--88},
  year={2017},
  publisher={Springer}
}
@inproceedings{Varatharasan,
author = {Varatharasan, Vinorth and Shin, Hyo-Sang and Tsourdos, Antonios and Colosimo, Nick},
year = {2019},
month = {11},
pages = {78-85},
title = {Improving Learning Effectiveness For Object Detection and Classification in Cluttered Backgrounds},
doi = {10.1109/REDUAS47371.2019.8999695}
}
@article{Sharma2019,
author = {Sharma, Surbhi and Ghanekar, Umesh},
year = {2019},
month = {03},
pages = {35-42},
title = {Spliced Image Classification and Tampered Region Localization Using Local Directional Pattern},
volume = {11},
journal = {International Journal of Image, Graphics and Signal Processing},
doi = {10.5815/ijigsp.2019.03.05}
}
@inproceedings{Srivastava2020,
author = {Srivastava, Vikas and Yadav, Sanjay},
year = {2020},
month = {12},
pages = {345-348},
title = {Texture Operator based Digital Image Splicing Detection using ELTP Technique},
doi = {10.1109/SMART50582.2020.9337095}
}

@article{kanwal2020digital,
  title={Digital image splicing detection technique using optimal threshold based local ternary pattern},
  author={Kanwal, Navdeep and Girdhar, Akshay and Kaur, Lakhwinder and Bhullar, Jaskaran S},
  journal={Multimedia Tools and Applications},
  volume={79},
  number={19-20},
  pages={12829--12846},
  year={2020},
  publisher={Springer}
}

@article{pham2019efficient,
  title={Efficient image splicing detection algorithm based on markov features},
  author={Pham, Nam Thanh and Lee, Jong-Weon and Kwon, Goo-Rak and Park, Chun-Su},
  journal={Multimedia Tools and Applications},
  volume={78},
  pages={12405--12419},
  year={2019},
  publisher={Springer}
}

@inproceedings{ur2021comparative,
  title={Comparative Analysis of Various Image Splicing Algorithms},
  author={ur Rhhman, Hafiz and Arif, Muhammad and Ullah, Anwar and Al-Azani, Sadam and Balas, Valentina Emilia and Geman, Oana and Khan, Muhammad Jalal and Islam, Umar},
  booktitle={Soft Computing Applications: Proceedings of the 8th International Workshop Soft Computing Applications (SOFA 2018), Vol. II 8},
  pages={211--228},
  year={2021},
  organization={Springer}
}

@inproceedings{yildirim2018image,
  title={Image splicing detection with dwt domain extended Markov features},
  author={Yildirim, Esra Odaba{\c{s}} and Uluta{\c{s}}, G{\"u}zin},
  booktitle={2018 26th Signal Processing and Communications Applications Conference (SIU)},
  pages={1--4},
  year={2018},
  organization={IEEE}
}

@inproceedings{yildirim2018markov,
  title={Markov-based image splicing detection in the dct high frequency region},
  author={YILDIRIM, Esra ODABA{\c{S}} and ULUTA{\c{S}}, G{\"u}zin},
  booktitle={2018 International Conference on Artificial Intelligence and Data Processing (IDAP)},
  pages={1--4},
  year={2018},
  organization={IEEE}
}
@phdthesis{Wicht2018,
author = {Wicht, Baptiste},
year = {2018},
month = {01},
pages = {},
title = {Deep Learning feature Extraction for Image Processing},
doi = {10.13140/RG.2.2.11700.35207}
}


@InProceedings{salakhutdinov2009,
  title = 	 {Deep Boltzmann Machines},
  author = 	 {Salakhutdinov, Ruslan and Hinton, Geoffrey},
  booktitle = 	 {Proceedings of the Twelth International Conference on Artificial Intelligence and Statistics},
  pages = 	 {448--455},
  year = 	 {2009},
  editor = 	 {van Dyk, David and Welling, Max},
  volume = 	 {5},
  series = 	 {Proceedings of Machine Learning Research},
  address = 	 {Hilton Clearwater Beach Resort, Clearwater Beach, Florida USA},
  month = 	 {16--18 Apr},
  publisher =    {PMLR},
  pdf = 	 {http://proceedings.mlr.press/v5/salakhutdinov09a/salakhutdinov09a.pdf},
  url = 	 {https://proceedings.mlr.press/v5/salakhutdinov09a.html},
}

@article{larochelle2009exploring,
  title={Exploring strategies for training deep neural networks.},
  author={Larochelle, Hugo and Bengio, Yoshua and Louradour, J{\'e}r{\^o}me and Lamblin, Pascal},
  journal={Journal of machine learning research},
  volume={10},
  number={1},
  year={2009}
}

@inproceedings{ciresan2011flexible,
  title={Flexible, high performance convolutional neural networks for image classification},
  author={Ciresan, Dan Claudiu and Meier, Ueli and Masci, Jonathan and Gambardella, Luca Maria and Schmidhuber, J{\"u}rgen},
  booktitle={Twenty-second international joint conference on artificial intelligence},
  year={2011},
  organization={Citeseer}
}

@article{krizhevsky2012imagenet,
  title={Imagenet classification with deep convolutional neural networks},
  author={Krizhevsky, Alex and Sutskever, Ilya and Hinton, Geoffrey E},
  journal={Advances in neural information processing systems},
  volume={25},
  year={2012}
}
@article{ji2012,
  title={3D convolutional neural networks for human action recognition},
  author={Ji, Shuiwang and Xu, Wei and Yang, Ming and Yu, Kai},
  journal={IEEE transactions on pattern analysis and machine intelligence},
  volume={35},
  number={1},
  pages={221--231},
  year={2012},
  publisher={IEEE}
}

@article{tyagi2023mininet,
  title={MiniNet: a concise CNN for image forgery detection},
  author={Tyagi, Shobhit and Yadav, Divakar},
  journal={Evolving Systems},
  volume={14},
  number={3},
  pages={545--556},
  year={2023},
  publisher={Springer}
}

@inproceedings{bunk2017detection,
  title={Detection and localization of image forgeries using resampling features and deep learning},
  author={Bunk, Jason and Bappy, Jawadul H and Mohammed, Tajuddin Manhar and Nataraj, Lakshmanan and Flenner, Arjuna and Manjunath, BS and Chandrasekaran, Shivkumar and Roy-Chowdhury, Amit K and Peterson, Lawrence},
  booktitle={2017 IEEE conference on computer vision and pattern recognition workshops (CVPRW)},
  pages={1881--1889},
  year={2017},
  organization={IEEE}
}

@article{wang2019detection,
  title={Detection and localization of image forgeries using improved mask regional convolutional neural network},
  author={Wang, Xinyi and Wang, He and Niu, Shaozhang and Zhang, Jiwei and others},
  journal={Mathematical Biosciences and Engineering},
  volume={16},
  number={5},
  pages={4581--4593},
  year={2019},
  publisher={American Institute of Mathematical Sciences (AIMS)}
}

@article{zanardelli2023image,
  title={Image forgery detection: a survey of recent deep-learning approaches},
  author={Zanardelli, Marcello and Guerrini, Fabrizio and Leonardi, Riccardo and Adami, Nicola},
  journal={Multimedia Tools and Applications},
  volume={82},
  number={12},
  pages={17521--17566},
  year={2023},
  publisher={Springer}
}

@article{kramer1991nonlinear,
  title={Nonlinear principal component analysis using autoassociative neural networks},
  author={Kramer, Mark A},
  journal={AIChE journal},
  volume={37},
  number={2},
  pages={233--243},
  year={1991},
  publisher={Wiley Online Library}
}

@article{fridrich2012rich,
  title={Rich models for steganalysis of digital images},
  author={Fridrich, Jessica and Kodovsky, Jan},
  journal={IEEE Transactions on information Forensics and Security},
  volume={7},
  number={3},
  pages={868--882},
  year={2012},
  publisher={IEEE}
}

@inproceedings{Cozzolino2016,
author = {Cozzolino, Davide and Verdoliva, Luisa},
year = {2016},
month = {12},
pages = {1-6},
title = {Single-image splicing localization through autoencoder-based anomaly detection},
doi = {10.1109/WIFS.2016.7823921}
}

@inproceedings{rao2016,
author = {Rao, Yuan and Ni, Jiangqun},
year = {2016},
month = {12},
pages = {1-6},
title = {A deep learning approach to detection of splicing and copy-move forgeries in images},
doi = {10.1109/WIFS.2016.7823911}
}
@article{liu2018locating,
  title={Locating splicing forgery by fully convolutional networks and conditional random field},
  author={Liu, Bo and Pun, Chi-Man},
  journal={Signal Processing: Image Communication},
  volume={66},
  pages={103--112},
  year={2018},
  publisher={Elsevier}
}

@inproceedings{pomari2018image,
  title={Image splicing detection through illumination inconsistencies and deep learning},
  author={Pomari, Thales and Ruppert, Guillherme and Rezende, Edmar and Rocha, Anderson and Carvalho, Tiago},
  booktitle={2018 25th IEEE International conference on image processing (ICIP)},
  pages={3788--3792},
  year={2018},
  organization={IEEE}
}
@article{chen2018improved,
  title={An improved splicing localization method by fully convolutional networks},
  author={Chen, Beijing and Qi, Xiaoming and Wang, Yiting and Zheng, Yuhui and Shim, Hiuk Jae and Shi, Yun-Qing},
  journal={IEEE Access},
  volume={6},
  pages={69472--69480},
  year={2018},
  publisher={IEEE}
}
@article{ahmed2020image,
  title={Image splicing detection using mask-RCNN},
  author={Ahmed, Belal and Gulliver, T Aaron and alZahir, Saif},
  journal={Signal, Image and Video Processing},
  volume={14},
  pages={1035--1042},
  year={2020},
  publisher={Springer}
}

@inproceedings{guo2023hierarchical,
  title={Hierarchical fine-grained image forgery detection and localization},
  author={Guo, Xiao and Liu, Xiaohong and Ren, Zhiyuan and Grosz, Steven and Masi, Iacopo and Liu, Xiaoming},
  booktitle={Proceedings of the IEEE/CVF Conference on Computer Vision and Pattern Recognition},
  pages={3155--3165},
  year={2023}
}

@inproceedings{bianchi2011improved,
  title={Improved DCT coefficient analysis for forgery localization in JPEG images},
  author={Bianchi, Tiziano and De Rosa, Alessia and Piva, Alessandro},
  booktitle={2011 IEEE International Conference on Acoustics, Speech and Signal Processing (ICASSP)},
  pages={2444--2447},
  year={2011},
  organization={IEEE}
}

@article{luo2010jpeg,
  title={JPEG error analysis and its applications to digital image forensics},
  author={Luo, Weiqi and Huang, Jiwu and Qiu, Guoping},
  journal={IEEE Transactions on Information Forensics and Security},
  volume={5},
  number={3},
  pages={480--491},
  year={2010},
  publisher={IEEE}
}



@article{lin2009fast,
  title={Fast, automatic and fine-grained tampered JPEG image detection via DCT coefficient analysis},
  author={Lin, Zhouchen and He, Junfeng and Tang, Xiaoou and Tang, Chi-Keung},
  journal={Pattern Recognition},
  volume={42},
  number={11},
  pages={2492--2501},
  year={2009},
  publisher={Elsevier}
}

@article{Rao2020DeepLL,
  title={Deep Learning Local Descriptor for Image Splicing Detection and Localization},
  author={Yuan Rao and Jiangqun Ni and Huimin Zhao},
  journal={IEEE Access},
  year={2020},
  volume={8},
  pages={25611-25625},
  url={https://api.semanticscholar.org/CorpusID:211120934}
}

@inproceedings{noh2015learning,
  title={Learning deconvolution network for semantic segmentation},
  author={Noh, Hyeonwoo and Hong, Seunghoon and Han, Bohyung},
  booktitle={Proceedings of the IEEE international conference on computer vision},
  pages={1520--1528},
  year={2015}
}

@inproceedings{huh2018fighting,
  title={Fighting fake news: Image splice detection via learned self-consistency},
  author={Huh, Minyoung and Liu, Andrew and Owens, Andrew and Efros, Alexei A},
  booktitle={Proceedings of the European conference on computer vision (ECCV)},
  pages={101--117},
  year={2018}
}

@inproceedings{Sharma2018AnalysisOK,
  title={Analysis of Key Photo Manipulation Cases and their Impact on Photography},
  author={Jitendra Sharma and Rohita Sharma},
  year={2018},
  url={https://api.semanticscholar.org/CorpusID:259180001}
}

@inproceedings{Gernsheim_1986, place={New York}, title={A concise history of photography}, publisher={Dover}, author={Gernsheim, Helmut}, year={1986}} 

@article{Abdulqader2023,
title = {Detection of tamper forgery image in security digital mage},
journal = {Measurement: Sensors},
volume = {27},
pages = {100746},
year = {2023},
issn = {2665-9174},
doi = {https://doi.org/10.1016/j.measen.2023.100746},
url = {https://www.sciencedirect.com/science/article/pii/S266591742300082X},
author = {Mohammed {Fakhrulddin Abdulqader} and Adnan Yousif Dawod and Ann {Zeki Ablahd}}
}

@article{mishra2013digital,
  title={Digital image tamper detection techniques-a comprehensive study},
  author={Mishra, Minati and Adhikary, Flt},
  journal={arXiv preprint arXiv:1306.6737},
  year={2013}
}

@inproceedings{nampoothiri2016digital,
  title={Digital image forgery—A threaten to digital forensics},
  author={Nampoothiri, V Parameswaran and Sugitha, N},
  booktitle={2016 International Conference on Circuit, Power and Computing Technologies (ICCPCT)},
  pages={1--6},
  year={2016},
  organization={IEEE}
}

@article{Carmody_1994, edition={National}, title={Time Responds to Criticism Over Simpson Cover}, journal={New York Times}, author={Carmody, Deirdre}, year={1994}, month={Jun}, pages={8–8}} 

@inbook{Peres_2007, edition={4}, booktitle={ The Focal Encyclopedia of Photography}, publisher={Focal Press}, author={Peres, Micheal}, year={2007}, pages={24–25}} 

@article{corcoran2014,
author = {Corcoran, Peter and Stan, Cosmin and Florea, Corneliu and Ciuc, Mihai and Bigioi, Petronel},
year = {2014},
month = {10},
pages = {55-62},
title = {Digital Beauty: The good, the bad, and the (not-so) ugly},
volume = {3},
journal = {Consumer Electronics Magazine, IEEE},
doi = {10.1109/MCE.2014.2338573}
}

@article{perez2021fake,
  title={Fake news reaching young people on social networks: Distrust challenging media literacy},
  author={P{\'e}rez-Escoda, Ana and Pedrero-Esteban, Luis Miguel and Rubio-Romero, Juana and Jim{\'e}nez-Narros, Carlos},
  journal={Publications},
  volume={9},
  number={2},
  pages={24},
  year={2021},
  publisher={MDPI}
}

@article{Vincent_2017, title={This app uses neural networks to put a smile on anybody’s face}, journal={The Verge}, author={Vincent, James}, year={2017}, month={Jan}} 

@article{kietzmann2020deepfakes,
  title={Deepfakes: Trick or treat?},
  author={Kietzmann, Jan and Lee, Linda W and McCarthy, Ian P and Kietzmann, Tim C},
  journal={Business Horizons},
  volume={63},
  number={2},
  pages={135--146},
  year={2020},
  publisher={Elsevier}
}

@article{Fallis_2020, title={The epistemic threat of deepfakes}, volume={34}, DOI={10.1007/s13347-020-00419-2}, number={4}, journal={Philosophy &amp;amp; Technology}, author={Fallis, Don}, year={2020}, pages={623–643}} 

@article{Cola_2018, title={We Are Truly Fucked: Everyone Is Making AI-Generated Fake Porn Now}, journal={Vice}, author={Cola, Samantha}, year={2018}, month={Jan}} 

@inproceedings{muller2022human,
  title={Human perception of audio deepfakes},
  author={M{\"u}ller, Nicolas M and Pizzi, Karla and Williams, Jennifer},
  booktitle={Proceedings of the 1st International Workshop on Deepfake Detection for Audio Multimedia},
  pages={85--91},
  year={2022}
}

@article{Mathews2020, title={Fun or Fear: Deepfake App Puts Celebrity Faces In Your Selfies}, journal={Vice}, author={Mathews, Zane}, year={2020}, month={Mar}} 

@book{campesato2020artificial,
  title={Artificial intelligence, machine learning, and deep learning},
  author={Campesato, Oswald},
  year={2020},
  publisher={Mercury Learning and Information}
}

@book{nielsen2015neural,
  title={Neural networks and deep learning},
  author={Nielsen, Michael A},
  volume={25},
  year={2015},
  publisher={Determination press San Francisco, CA, USA}
}

@inproceedings{rota2016bad,
  title={Bad teacher or unruly student: Can deep learning say something in image forensics analysis?},
  author={Rota, Paolo and Sangineto, Enver and Conotter, Valentina and Pramerdorfer, Christopher},
  booktitle={2016 23rd International Conference on Pattern Recognition (ICPR)},
  pages={2503--2508},
  year={2016},
  organization={IEEE}
}

@article{lecun1998gradient,
  title={Gradient-based learning applied to document recognition},
  author={LeCun, Yann and Bottou, L{\'e}on and Bengio, Yoshua and Haffner, Patrick},
  journal={Proceedings of the IEEE},
  volume={86},
  number={11},
  pages={2278--2324},
  year={1998},
  publisher={Ieee}
}

@article{lindsay2021convolutional,
  title={Convolutional neural networks as a model of the visual system: Past, present, and future},
  author={Lindsay, Grace W},
  journal={Journal of cognitive neuroscience},
  volume={33},
  number={10},
  pages={2017--2031},
  year={2021},
  publisher={MIT Press One Rogers Street, Cambridge, MA 02142-1209, USA journals-info~…}
}

@article{bhatt2021cnn,
  title={CNN variants for computer vision: History, architecture, application, challenges and future scope},
  author={Bhatt, Dulari and Patel, Chirag and Talsania, Hardik and Patel, Jigar and Vaghela, Rasmika and Pandya, Sharnil and Modi, Kirit and Ghayvat, Hemant},
  journal={Electronics},
  volume={10},
  number={20},
  pages={2470},
  year={2021},
  publisher={MDPI}
}

@article{targ2016resnet,
  title={Resnet in resnet: Generalizing residual architectures},
  author={Targ, Sasha and Almeida, Diogo and Lyman, Kevin},
  journal={arXiv preprint arXiv:1603.08029},
  year={2016}
}

@article{majib2021vgg,
  title={Vgg-scnet: A vgg net-based deep learning framework for brain tumor detection on mri images},
  author={Majib, Mohammad Shahjahan and Rahman, Md Mahbubur and Sazzad, TM Shahriar and Khan, Nafiz Imtiaz and Dey, Samrat Kumar},
  journal={IEEE Access},
  volume={9},
  pages={116942--116952},
  year={2021},
  publisher={IEEE}
}

@article{alom2018history,
  title={The history began from alexnet: A comprehensive survey on deep learning approaches},
  author={Alom, Md Zahangir and Taha, Tarek M and Yakopcic, Christopher and Westberg, Stefan and Sidike, Paheding and Nasrin, Mst Shamima and Van Esesn, Brian C and Awwal, Abdul A S and Asari, Vijayan K},
  journal={arXiv preprint arXiv:1803.01164},
  year={2018}
}

@article{Ahmed_Alam2023, title={Deep Learning Modelling Techniques: Current Progress, applications, advantages, and challenges}, volume={56}, DOI={10.1007/s10462-023-10466-8}, number={11}, journal={Artificial Intelligence Review}, author={Ahmed, Shams Forruque and Alam, Md. Sakib and Hassan, Maruf and Rozbu, Mahtabin Rodela and Ishtiak, Taoseef and Rafa, Nazifa and Mofijur, M. and Shawkat Ali, A. B. and Gandomi, Amir H.}, year={2023}, pages={13521–13617}} 

@article{WANG2023100047,
title = {Review of Large Vision Models and Visual Prompt Engineering},
journal = {Meta-Radiology},
pages = {100047},
year = {2023},
issn = {2950-1628},
doi = {https://doi.org/10.1016/j.metrad.2023.100047},
url = {https://www.sciencedirect.com/science/article/pii/S2950162823000474},
author = {Jiaqi Wang and Zhengliang Liu and Lin Zhao and Zihao Wu and Chong Ma and Sigang Yu and Haixing Dai and Qiushi Yang and Yiheng Liu and Songyao Zhang and Enze Shi and Yi Pan and Tuo Zhang and Dajiang Zhu and Xiang Li and Xi Jiang and Bao Ge and Yixuan Yuan and Dinggang Shen and Tianming Liu and Shu Zhang},}

@misc{dosovitskiy2021image,
      title={An Image is Worth 16x16 Words: Transformers for Image Recognition at Scale}, 
      author={Alexey Dosovitskiy and Lucas Beyer and Alexander Kolesnikov and Dirk Weissenborn and Xiaohua Zhai and Thomas Unterthiner and Mostafa Dehghani and Matthias Minderer and Georg Heigold and Sylvain Gelly and Jakob Uszkoreit and Neil Houlsby},
      year={2021},
      eprint={2010.11929},
      archivePrefix={arXiv},
      primaryClass={cs.CV}
}

@misc{ruan2022vision,
      title={Vision Transformers: State of the Art and Research Challenges}, 
      author={Bo-Kai Ruan and Hong-Han Shuai and Wen-Huang Cheng},
      year={2022},
      eprint={2207.03041},
      archivePrefix={arXiv},
      primaryClass={cs.CV}
}

@misc{islam2023recent,
      title={Recent Advances in Vision Transformer: A Survey and Outlook of Recent Work}, 
      author={Khawar Islam},
      year={2023},
      eprint={2203.01536},
      archivePrefix={arXiv},
      primaryClass={cs.CV}
}

@misc{naseer2021intriguing,
      title={Intriguing Properties of Vision Transformers}, 
      author={Muzammal Naseer and Kanchana Ranasinghe and Salman Khan and Munawar Hayat and Fahad Shahbaz Khan and Ming-Hsuan Yang},
      year={2021},
      eprint={2105.10497},
      archivePrefix={arXiv},
      primaryClass={cs.CV}
}

@misc{ghiasi2022vision,
      title={What do Vision Transformers Learn? A Visual Exploration}, 
      author={Amin Ghiasi and Hamid Kazemi and Eitan Borgnia and Steven Reich and Manli Shu and Micah Goldblum and Andrew Gordon Wilson and Tom Goldstein},
      year={2022},
      eprint={2212.06727},
      archivePrefix={arXiv},
      primaryClass={cs.CV}
}

@misc{qiang2023interpretabilityaware,
      title={Interpretability-Aware Vision Transformer}, 
      author={Yao Qiang and Chengyin Li and Prashant Khanduri and Dongxiao Zhu},
      year={2023},
      eprint={2309.08035},
      archivePrefix={arXiv},
      primaryClass={cs.CV}
}

@misc{su2021vitas,
      title={ViTAS: Vision Transformer Architecture Search}, 
      author={Xiu Su and Shan You and Jiyang Xie and Mingkai Zheng and Fei Wang and Chen Qian and Changshui Zhang and Xiaogang Wang and Chang Xu},
      year={2021},
      eprint={2106.13700},
      archivePrefix={arXiv},
      primaryClass={cs.CV}
}

@article{khan2022transformers,
  title={Transformers in vision: A survey},
  author={Khan, Salman and Naseer, Muzammal and Hayat, Munawar and Zamir, Syed Waqas and Khan, Fahad Shahbaz and Shah, Mubarak},
  journal={ACM computing surveys (CSUR)},
  volume={54},
  number={10s},
  pages={1--41},
  year={2022},
  publisher={ACM New York, NY}
}

@article{liu2021efficient,
  title={Efficient training of visual transformers with small datasets},
  author={Liu, Yahui and Sangineto, Enver and Bi, Wei and Sebe, Nicu and Lepri, Bruno and Nadai, Marco},
  journal={Advances in Neural Information Processing Systems},
  volume={34},
  pages={23818--23830},
  year={2021}
}

@misc{huang2021vsnet,
      title={VS-Net: Voting with Segmentation for Visual Localization}, 
      author={Zhaoyang Huang and Han Zhou and Yijin Li and Bangbang Yang and Yan Xu and Xiaowei Zhou and Hujun Bao and Guofeng Zhang and Hongsheng Li},
      year={2021},
      eprint={2105.10886},
      archivePrefix={arXiv},
      primaryClass={cs.CV}
}

@misc{melaskyriazi2022deep,
      title={Deep Spectral Methods: A Surprisingly Strong Baseline for Unsupervised Semantic Segmentation and Localization}, 
      author={Luke Melas-Kyriazi and Christian Rupprecht and Iro Laina and Andrea Vedaldi},
      year={2022},
      eprint={2205.07839},
      archivePrefix={arXiv},
      primaryClass={cs.CV}
}

@misc{zhai2023background,
      title={Background Activation Suppression for Weakly Supervised Object Localization and Semantic Segmentation}, 
      author={Wei Zhai and Pingyu Wu and Kai Zhu and Yang Cao and Feng Wu and Zheng-Jun Zha},
      year={2023},
      eprint={2309.12943},
      archivePrefix={arXiv},
      primaryClass={cs.CV}
}

@misc{ronneberger2015unet,
      title={U-Net: Convolutional Networks for Biomedical Image Segmentation}, 
      author={Olaf Ronneberger and Philipp Fischer and Thomas Brox},
      year={2015},
      eprint={1505.04597},
      archivePrefix={arXiv},
      primaryClass={cs.CV}
}

@inproceedings{long2015fully,
  title={Fully convolutional networks for semantic segmentation},
  author={Long, Jonathan and Shelhamer, Evan and Darrell, Trevor},
  booktitle={Proceedings of the IEEE conference on computer vision and pattern recognition},
  pages={3431--3440},
  year={2015}
}

@inproceedings{strudel2021segmenter,
  title={Segmenter: Transformer for semantic segmentation},
  author={Strudel, Robin and Garcia, Ricardo and Laptev, Ivan and Schmid, Cordelia},
  booktitle={Proceedings of the IEEE/CVF international conference on computer vision},
  pages={7262--7272},
  year={2021}
}

@article{thisanke2023semantic,
  title={Semantic segmentation using Vision Transformers: A survey},
  author={Thisanke, Hans and Deshan, Chamli and Chamith, Kavindu and Seneviratne, Sachith and Vidanaarachchi, Rajith and Herath, Damayanthi},
  journal={Engineering Applications of Artificial Intelligence},
  volume={126},
  pages={106669},
  year={2023},
  publisher={Elsevier}
}

@inproceedings{huang2018weakly,
  title={Weakly-supervised semantic segmentation network with deep seeded region growing},
  author={Huang, Zilong and Wang, Xinggang and Wang, Jiasi and Liu, Wenyu and Wang, Jingdong},
  booktitle={Proceedings of the IEEE conference on computer vision and pattern recognition},
  pages={7014--7023},
  year={2018}
}

@article{ruiz2020semantic,
  title={Semantic versus instance segmentation in microscopic algae detection},
  author={Ruiz-Santaquiteria, Jesus and Bueno, Gloria and Deniz, Oscar and Vallez, Noelia and Cristobal, Gabriel},
  journal={Engineering Applications of Artificial Intelligence},
  volume={87},
  pages={103271},
  year={2020},
  publisher={Elsevier}
}

@misc{lai2023detect,
      title={Detect Any Deepfakes: Segment Anything Meets Face Forgery Detection and Localization}, 
      author={Yingxin Lai and Zhiming Luo and Zitong Yu},
      year={2023},
      eprint={2306.17075},
      archivePrefix={arXiv},
      primaryClass={cs.CV}
}

@book{coulson2001semantic,
  title={Semantic leaps: Frame-shifting and conceptual blending in meaning construction},
  author={Coulson, Seana},
  year={2001},
  publisher={Cambridge University Press}
}

@misc{krawetz2007picture,
  title={A picture’s worth… Hacker Factor Solutions},
  author={Krawetz, Neal},
  year={2007}
}

@article{Jeronymo2017,
author = {Jeronymo, Daniel and Campbell, Yuri and Coelho, Leandro},
year = {2017},
month = {05},
pages = {},
title = {Image Forgery Detection by Semi-Automatic Wavelet Soft-Thresholding with Error Level Analysis},
volume = {85},
journal = {Expert Systems with Applications},
doi = {10.1016/j.eswa.2017.05.044}
}

@article{ramadhani2019,
author = {Ramadhani, E},
year = {2019},
month = {04},
pages = {012013},
title = {Photo splicing detection using error level analysis and laplacian-edge detection plugin on GIMP},
volume = {1193},
journal = {Journal of Physics: Conference Series},
doi = {10.1088/1742-6596/1193/1/012013}
}

@article{wallace1992jpeg,
  title={The JPEG still picture compression standard},
  author={Wallace, Gregory K},
  journal={IEEE transactions on consumer electronics},
  volume={38},
  number={1},
  pages={xviii--xxxiv},
  year={1992},
  publisher={IEEE}
}

@incollection{palmer2013rhetoric,
  title={The Rhetoric of the JPEG},
  author={Palmer, Daniel},
  booktitle={The Photographic Image in Digital Culture},
  pages={149--164},
  year={2013},
  publisher={Routledge}
}

@article{zhang2021image,
  title={Image splicing detection scheme based on error level analysis and local binary pattern},
  author={Zhang, Y and Shi, T and Lu, Zhe-Ming},
  journal={Netw. Intell},
  volume={6},
  pages={303--312},
  year={2021}
}

@article{gunawan2017development,
  title={Development of photo forensics algorithm by detecting photoshop manipulation using error level analysis},
  author={Gunawan, Teddy Surya and Hanafiah, Siti Amalina Mohammad and Kartiwi, Mira and Ismail, Nanang and Za’bah, Nor Farahidah and Nordin, Anis Nurashikin},
  journal={Indonesian Journal of Electrical Engineering and Computer Science},
  volume={7},
  number={1},
  pages={131--137},
  year={2017}
}

@misc{ma2023imlvit,
      title={IML-ViT: Benchmarking Image Manipulation Localization by Vision Transformer}, 
      author={Xiaochen Ma and Bo Du and Zhuohang Jiang and Ahmed Y. Al Hammadi and Jizhe Zhou},
      year={2023},
      eprint={2307.14863},
      archivePrefix={arXiv},
      primaryClass={cs.CV}
}

@misc{hao2021transforensics,
      title={TransForensics: Image Forgery Localization with Dense Self-Attention}, 
      author={Jing Hao and Zhixin Zhang and Shicai Yang and Di Xie and Shiliang Pu},
      year={2021},
      eprint={2108.03871},
      archivePrefix={arXiv},
      primaryClass={cs.CV}
}

@misc{wang2022objectformer,
      title={ObjectFormer for Image Manipulation Detection and Localization}, 
      author={Junke Wang and Zuxuan Wu and Jingjing Chen and Xintong Han and Abhinav Shrivastava and Ser-Nam Lim and Yu-Gang Jiang},
      year={2022},
      eprint={2203.14681},
      archivePrefix={arXiv},
      primaryClass={cs.CV}
}

@article{Yan2023,
author = {Yan, Caiping and Li, Shuyuan and Li, Hong},
year = {2023},
month = {01},
pages = {1-1},
title = {TransU 2 -Net: A Hybrid Transformer Architecture for Image Splicing Forgery Detection},
volume = {PP},
journal = {IEEE Access},
doi = {10.1109/ACCESS.2023.3264014}
}

@misc{horváth2021manipulation,
      title={Manipulation Detection in Satellite Images Using Vision Transformer}, 
      author={János Horváth and Sriram Baireddy and Hanxiang Hao and Daniel Mas Montserrat and Edward J. Delp},
      year={2021},
      eprint={2105.06373},
      archivePrefix={arXiv},
      primaryClass={eess.IV}
}

@misc{wang2020linformer,
      title={Linformer: Self-Attention with Linear Complexity}, 
      author={Sinong Wang and Belinda Z. Li and Madian Khabsa and Han Fang and Hao Ma},
      year={2020},
      eprint={2006.04768},
      archivePrefix={arXiv},
      primaryClass={cs.LG}
}

@INPROCEEDINGS{DenseNet,
  author={Huang, Gao and Liu, Zhuang and Van Der Maaten, Laurens and Weinberger, Kilian Q.},
  booktitle={2017 IEEE Conference on Computer Vision and Pattern Recognition (CVPR)}, 
  title={Densely Connected Convolutional Networks}, 
  year={2017},
  volume={},
  number={},
  pages={2261-2269},
  doi={10.1109/CVPR.2017.243}}

@inproceedings{Kniaz2019ThePW,
  title={The Point Where Reality Meets Fantasy: Mixed Adversarial Generators for Image Splice Detection},
  author={Vladimir Vladimirovich Kniaz and Vladimir Alexandrovich Knyaz and Fabio Remondino},
  booktitle={Neural Information Processing Systems},
  year={2019},
  url={https://api.semanticscholar.org/CorpusID:202779027}
}
@article{pandey2022detecting,
  title={Detecting and localizing copy-move and image-splicing forgery},
  author={Pandey, Aditya and Mitra, Anshuman},
  journal={arXiv preprint arXiv:2202.04069},
  year={2022}
}

@article{parveen2019,
author = {Parveen, Azra and Khan, Zishan and Ahmad, Syednaseem},
year = {2019},
month = {06},
pages = {},
title = {Block-based copy–move image forgery detection using DCT},
volume = {2},
journal = {Iran Journal of Computer Science},
doi = {10.1007/s42044-019-00029-y}
}

@misc{ bayard,
author = {Bayard, Hippolyte},
year = {1840},
month = {10},
title = {Portrait as a drowned man},
url={https://commons.wikimedia.org/wiki/File:Hippolyte_Bayard_-_Drownedman_1840.jpg}, 
journal={File:Hippolyte Bayard - Drownedman 1840.jpg - wikimedia commons}} 

@article{OJ2011,
author = {Redi, Judith and Taktak, Wiem and Dugelay, Jean-Luc},
year = {2011},
month = {10},
pages = {133-162},
title = {Digital image forensics: A booklet for beginners},
volume = {51},
journal = {Multimedia Tools Appl.},
doi = {10.1007/s11042-010-0620-1}
}