@article{sgame2020,
  author   = {Gordillo, Aldo and Barra, Enrique and Quemada, Juan},
  journal  = {IEEE Access},
  title    = {SGAME: An Authoring Tool to Easily Create Educational Video Games by Integrating SCORM-Compliant Learning Objects},
  year     = {2021},
  volume   = {9},
  number   = {},
  pages    = {126414-126430},
  keywords = {Games;Authoring systems;Tools;Programming profession;Entertainment industry;Engines;Authoring systems;authoring tools;educational technology;educational activities;educational games;game-based learning;serious games},
  doi      = {10.1109/ACCESS.2021.3111513}
}
